34100000      0812125805030001620000000000126       00737 000000005276 1PARIS PRODUCOES CINEMATOGRAFICITAU                                    11007202315042700000000000000                                                                     
34100011C2001040 2125805030001620000000000126       00737 000000005276 1PARIS PRODUCOES CINEMATOGRAFIC                                        AVENIDA PACAEMBU              01682               SAO PAULO           01234000SP                  
3410001300001A00000034102925 000000044169 9MASSA REAL PRODUCOES CINEMATOG0034                11072023REA000000000000000000000001440000                    00000000000000000000000MASSA REAL          00000009494764000155CC00010     0          
3410001300002A00000034100093 000000033736 8TERRA BRUTA PRODUCOES LTDA    0036                11072023REA000000000000000000000000360000                    00000000000000000000000TERRA BRUTA         00000016805615000125CC00010     0          
34100015         000004000000000001800000000000000000000000                                                                                                                                                                                     
34199999         000001000006                                                                                                                                                                                                                   
